<?xml version="1.0" encoding="UTF-8"?><collection xmlns="http://www.loc.gov/MARC21/slim"><record><leader>00327nam--2200121-i-4500</leader><controlfield tag="001">000030746</controlfield><controlfield tag="002">20161230</controlfield><controlfield tag="005">20161230201038</controlfield><controlfield tag="008">060222s1000------------r-----000-0-eng-d</controlfield><datafield ind1=" " ind2=" " tag="100"><subfield code="a">Mccornick, John M</subfield></datafield><datafield ind1=" " ind2=" " tag="245"><subfield code="a">Salvadori mario g</subfield></datafield><datafield ind1=" " ind2=" " tag="260"><subfield code="a">Numerical Methods In Fortran</subfield></datafield><datafield ind1=" " ind2=" " tag="490"><subfield code="a">Enlewood Cliffs, Prentice-hall, Inc., 1964. 324p</subfield></datafield></record></collection>